@Article{Wayne,
	author = {Kevin D. Wayne},
	title = {A new property and a faster algorithm for baseball elimination},
	year = {2001},
	volume = {14},
	number = {2},
	pages = {223-229}
}
@Article{Kern,
	author = {Walter Kern and Daniel Paulusma},
	title = {The new FIFA rules are hard: complexity aspects of sports competitions},
	year = {2000},
	volume = {108},
	number = {2001},
	pages = {317-323}
}
@Article{Adler,
	author = {Ilan Adler and Alan L. Erera and Dorit S. Hochbaum and Eli V. Olinick},
	title = {Baseball, Optimization, and the World Wide Web},
	year = {2002},
	volume = {32},
	number = {2},
	pages = {12-22}
}